

@article{pagmo,
   title = {A GLOBAL OPTIMISATION TOOLBOX FOR MASSIVELY PARALLEL ENGINEERING OPTIMISATION},
   author = {Francesco Biscani, Dario Izzo, Chit Hong Yam},
   year = {2010}
}


@misc{install:pagmo,
   title = {PaGMO (Parallel Global Multiobjective Optimizer)},
   howpublished = {{\url{http://pagmo.sourceforge.net/doc/}}},
   author = {The PaGMO development team},
   year = {2010}
}



